@misc{follow_me_behavior,
    title = "Follow me behavior",
    author = "O. Aycard",
    howpublished = "D\'ep\^ot APP \#IDDN.FR.001.380017.000.S.P.2021.000.10000",
    month = "September",
    year = 2021
}

@misc{DROW_2016,
    title = "DROW: Real-Time Deep Learning based Wheelchair Detection in 2D Range Data", 
    author = "Lucas Beyer and Alexander Hermans and Bastian Leibe",
    year = 2016,
    eprint = "1603.02636",
    archivePrefix = "arXiv",
    primaryClass = "cs.RO"
}

@misc{DROW_2018,
    title = "Deep Person Detection in 2D Range Data", 
    author = "Lucas Beyer and Alexander Hermans and Timm Linder and Kai O. Arras and Bastian Leibe",
    year = 2018,
    eprint = "1804.02463",
    archivePrefix = "arXiv",
    primaryClass = "cs.RO"
}

@misc{DROW_repo,
    title = "DROW",
    author = "Visual Computing Institute",
    year = 2019,
    note = "\newline\url{https://github.com/VisualComputingInstitute/DROW.git}, accessed on 17.10.2023"
}

@misc{RobAIR_site,
    title = "RobAIR: the House Robot",
    author = "Grenoble INP - UGA",
    year = 2015,
    note = "\newline\url{https://www.grenoble-inp.fr/en/research/robair-the-house-robot}, accessed on 17.10.2023"
}

@misc{FTD_repo_readme,
    title = "Follow the DROW project README",
    author = "Aleksandr Sergeev",
    year = 2023,
    note = "\newline\url{https://github.com/pseusys/follow_the_drow/blob/main/README.md}, accessed on 17.10.2023"
}

@misc{FTD_image_readme,
    author = "Aleksandr Sergeev",
    title = "Follow the DROW Docker image README",
    year = 2023,
    note = "\newline\url{https://github.com/pseusys/follow_the_drow/blob/main/ROS_IMAGE.md}, accessed on 17.10.2023"
}

@misc{vggnet_paper,
    title = "Very Deep Convolutional Networks for Large-Scale Image Recognition", 
    author = "Karen Simonyan and Andrew Zisserman",
    year = 2015,
    eprint = "1409.1556",
    archivePrefix = "arXiv",
    primaryClass = "cs.CV"
}

@misc{FTD_comparison,
    title = "Follow the DROW detectors comparison notebooks",
    author = "Aleksandr Sergeev",
    year = 2023,
    note = "\newline\url{https://github.com/pseusys/follow_the_drow/tree/main/compare}, accessed on 17.10.2023"
}

@misc{FTD_docker_image,
    title = "Follow the DROW latest ROS 1 Docker image",
    author = "Aleksandr Sergeev",
    year = 2023,
    note = "\newline\url{https://github.com/pseusys/follow_the_drow/pkgs/container/follow_the_drow%2Fros_complete_env}, accessed on 17.10.2023"
}

@misc{catkin_wiki,
    title = "catkin ROS package",
    author = "OpenRobotics",
    year = 2017,
    note = "\newline\url{http://wiki.ros.org/catkin}, accessed on 17.10.2023"
}

@misc{ros_latest_installation,
    title = "ROS 1 noetic installation",
    author = "OpenRobotics",
    year = 2020,
    url = "\newline\url{http://wiki.ros.org/noetic/Installation}, accessed on 17.10.2023"
}

@misc{ros_latest_package,
    title = "ROS 1 noetic Ubuntu package",
    author = "OpenRobotics",
    year = 2023,
    note = "\newline\url{https://packages.ubuntu.com/jammy/ros-desktop-full}, accessed on 17.10.2023"
}

@misc{pybind_site,
    title = "pybind11 - Seamless operability between C++11 and Python",
    author = "pybind",
    year = 2023,
    note = "\newline\url{https://pybind11.readthedocs.io/en/stable/index.html}, accessed on 17.10.202"
}

@misc{pytorch_site,
    title = "PyTorch - machine learning framework based on the Torch library",
    author = "pytorch",
    year = 2023,
    note = "\newline\url{https://pytorch.org/index.html}, accessed on 17.10.2023"
}

@misc{rviz_wiki,
    title = "RVIZ ROS package",
    author = "OpenRobotics",
    year = 2018,
    note = "\newline\url{http://wiki.ros.org/rviz}, accessed on 17.10.2023"
}

@misc{ros_site,
    title = "ROS - Robot Operating System",
    author = "ros",
    year = 2023,
    note = "\newline\url{https://www.ros.org/index.html}, accessed on 17.10.2023"
}

@misc{prec_rec_curve,
    title = "Precision-Recall Curves",
    author = "Doug Steen",
    year = 2020,
    note = "\newline\url{https://medium.com/@douglaspsteen/precision-recall-curves-d32e5b290248}, accessed on 17.10.2023"
}

@misc{lidar_market,
    title = "LiDAR market overview",
    author = "ExactitudeConsultancy",
    year = 2022,
    note = "\newline\url{https://exactitudeconsultancy.com/reports/25165/lidar-market/#}, accessed on 17.10.2023"
}

@misc{lidar_popularity,
    author = "Raj, Thinal and Hashim, Fazida Hanim and Huddin, Aqilah Baseri and Ibrahim, Mohd Faisal and Hussain, Aini",
    title = "A Survey on LiDAR Scanning Mechanisms",
    journal = "Electronics",
    volume = 9,
    year = 2020,
    number = 5,
    article-number = 741,
    url = "https://www.mdpi.com/2079-9292/9/5/741",
    issn = "2079-9292",
    doi = "10.3390/electronics9050741"
}

@misc{lidar_autonomous,
    author = "Catapang, Angelo Nikko and Ramos, Manuel",
    booktitle = "2016 6th IEEE International Conference on Control System, Computing and Engineering (ICCSCE)", 
    title = "Obstacle detection using a 2D LIDAR system for an Autonomous Vehicle", 
    year = 2016,
    pages = "441-445",
    doi = "10.1109/ICCSCE.2016.7893614"
}

@misc{2D_3D_lidars,
    title = "2D vs. 3D LiDAR-based Person Detection on Mobile Robots", 
    author = "Dan Jia and Alexander Hermans and Bastian Leibe",
    year = 2022,
    eprint = "2106.11239",
    archivePrefix = "arXiv",
    primaryClass = "cs.RO"
}
